@article{ EXAMPLE-SOURCE,
    author = {AUHTORNAME},
    title = {\glqq TITLE\grqq},
    note = {{\url{http://www.google.de/} [DD.MM.JJJJ]}}
}
